@inproceedings{ChaudharyXSNC19,
  author    = {Aditi Chaudhary and
               Jiateng Xie and
               Zaid Sheikh and
               Graham Neubig and
               Jaime G. Carbonell},
  title     = {A Little Annotation does a Lot of Good: {A} Study in Bootstrapping
               Low-resource Named Entity Recognizers},
  booktitle = {Proceedings of the 2019 Conference on Empirical Methods in Natural
               Language Processing and the 9th International Joint Conference on
               Natural Language Processing, {EMNLP-IJCNLP}}, 
  pages     = {5163--5173},
  year      = {2019}
}
@inproceedings{PengXZFH19,
  author    = {Minlong Peng and
               Xiaoyu Xing and
               Qi Zhang and
               Jinlan Fu and
               Xuanjing Huang},
  title     = {Distantly Supervised Named Entity Recognition using Positive-Unlabeled
               Learning},
  booktitle = {Proceedings of the 57th Conference of the Association for Computational
               Linguistics, {ACL}}, 
  pages     = {2409--2419},
  year      = {2019}
}
@inproceedings{WangSLLLH19,
  author    = {Zihan Wang and
               Jingbo Shang and
               Liyuan Liu and
               Lihao Lu and
               Jiacheng Liu and
               Jiawei Han},
  title     = {CrossWeigh: Training Named Entity Tagger from Imperfect Annotations},
  booktitle = {Proceedings of the 2019 Conference on Empirical Methods in Natural
               Language Processing and the 9th International Joint Conference on
               Natural Language Processing, {EMNLP-IJCNLP}}, 
  pages     = {5153--5162},
  year      = {2019}
}
@inproceedings{LiaoLZWWW19,
  author    = {Ming Liao and
               Jing Li and
               Haisong Zhang and
               Lingzhi Wang and
               Xixin Wu and
               Kam{-}Fai Wong},
  title     = {Coupling Global and Local Context for Unsupervised Aspect Extraction},
  booktitle = {Proceedings of the 2019 Conference on Empirical Methods in Natural
               Language Processing and the 9th International Joint Conference on
               Natural Language Processing, {EMNLP-IJCNLP}}, 
  pages     = {4578--4588},
  year      = {2019} 
}
@inproceedings{JieXLDL19,
  author    = {Zhanming Jie and
               Pengjun Xie and
               Wei Lu and
               Ruixue Ding and
               Linlin Li},
  title     = {Better Modeling of Incomplete Annotations for Named Entity Recognition},
  booktitle = {Proceedings of the 2019 Conference of the North American Chapter of
               the Association for Computational Linguistics: Human Language Technologies,
               {NAACL-HLT}}, 
  pages     = {729--734},
  year      = {2019}
}
@inproceedings{ZhouZJZFGK19,
  author    = {Joey Tianyi Zhou and
               Hao Zhang and
               Di Jin and
               Hongyuan Zhu and
               Meng Fang and
               Rick Siow Mong Goh and
               Kenneth Kwok},
  title     = {Dual Adversarial Neural Transfer for Low-Resource Named Entity Recognition},
  booktitle = {Proceedings of the 57th Conference of the Association for Computational
               Linguistics, {ACL}}, 
  pages     = {3461--3471},
  year      = {2019}
}
@inproceedings{ChenGHTHZR19,
  author    = {Bo Chen and
               Xiaotao Gu and
               Yufeng Hu and
               Siliang Tang and
               Guoping Hu and
               Yueting Zhuang and
               Xiang Ren},
  title     = {Improving Distantly-supervised Entity Typing with Compact Latent Space
               Clustering},
  booktitle = {Proceedings of the 2019 Conference of the North American Chapter of
               the Association for Computational Linguistics: Human Language Technologies,
               {NAACL-HLT}}, 
  pages     = {2862--2872},
  publisher = {Association for Computational Linguistics},
  year      = {2019}
}
@inproceedings{BhutaniQ0JHV18,
  author    = {Nikita Bhutani and
               Kun Qian and
               Yunyao Li and
               H. V. Jagadish and
               Mauricio A. Hern{\'{a}}ndez and
               Mitesh Vasa},
  title     = {Exploiting Structure in Representation of Named Entities using Active
               Learning},
  booktitle = {Proceedings of the 27th International Conference on Computational
               Linguistics, {COLING}}, 
  pages     = {687--699},
  year      = {2018}
}
@inproceedings{jiang-etal-2019-improved,
    title = "Improved Differentiable Architecture Search for Language Modeling and Named Entity Recognition",
    author = "Jiang, Yufan  and
      Hu, Chi  and
      Xiao, Tong  and
      Zhang, Chunliang  and
      Zhu, Jingbo",
    booktitle = "Proceedings of the 2019 Conference on Empirical Methods in Natural Language Processing and the 9th International Joint Conference on Natural Language Processing (EMNLP-IJCNLP)",
    year = "2019",
    pages = "3585--3590"
}
@inproceedings{akbik-etal-2018-contextual,
    title = "Contextual String Embeddings for Sequence Labeling",
    author = "Akbik, Alan  and
      Blythe, Duncan  and
      Vollgraf, Roland",
    booktitle = "Proceedings of the 27th International Conference on Computational Linguistics",
    year = "2018",
    pages = "1638--1649" 
}
@inproceedings{akbik-etal-2019-pooled,
    title = "Pooled Contextualized Embeddings for Named Entity Recognition",
    author = "Akbik, Alan  and
      Bergmann, Tanja  and
      Vollgraf, Roland",
    booktitle = "Proceedings of the 2019 Conference of the North {A}merican Chapter of the Association for Computational Linguistics: Human Language Technologies, Volume 1 (Long and Short Papers)",
    year = "2019",
    pages = "724--728"
}
